@ARTICLE{1972MNRAS.157....1L,
       author = {{Lynden-Bell}, D. and {Kalnajs}, A.~J.},
        title = "{On the generating mechanism of spiral structure}",
      journal = {\mnras},
         year = 1972,
        month = jan,
       volume = {157},
        pages = {1},
          doi = {10.1093/mnras/157.1.1},
       adsurl = {https://ui.adsabs.harvard.edu/abs/1972MNRAS.157....1L},
      adsnote = {Provided by the SAO/NASA Astrophysics Data System}
}

@ARTICLE{1984MNRAS.209..729T,
       author = {{Tremaine}, S. and {Weinberg}, M.~D.},
        title = "{Dynamical friction in spherical systems.}",
      journal = {\mnras},
     keywords = {Celestial Mechanics, Chandrasekhar Equation, Friction Drag, Galactic Evolution, Gravitational Effects, Star Clusters, Stellar Systems, Angular Velocity, Astronomical Models, Capture Effect, Orbit Decay, Resonance, Spheres, Stellar Motions, Astronomy},
         year = 1984,
        month = aug,
       volume = {209},
        pages = {729-757},
          doi = {10.1093/mnras/209.4.729},
       adsurl = {https://ui.adsabs.harvard.edu/abs/1984MNRAS.209..729T},
      adsnote = {Provided by the SAO/NASA Astrophysics Data System}
}

@ARTICLE{1985MNRAS.213..451W,
       author = {{Weinberg}, M.~D.},
        title = "{Evolution of barred galaxies by dynamical friction.}",
      journal = {\mnras},
     keywords = {Barred Galaxies, Computational Astrophysics, Disk Galaxies, Galactic Evolution, Halos, Angular Momentum, Computerized Simulation, Differential Equations, Hamiltonian Functions, Integral Equations, Torque, Astrophysics},
         year = 1985,
        month = mar,
       volume = {213},
        pages = {451-471},
          doi = {10.1093/mnras/213.3.451},
       adsurl = {https://ui.adsabs.harvard.edu/abs/1985MNRAS.213..451W},
      adsnote = {Provided by the SAO/NASA Astrophysics Data System}
}

@ARTICLE{2003MNRAS.341.1179A,
       author = {{Athanassoula}, E.},
        title = "{What determines the strength and the slowdown rate of bars?}",
      journal = {\mnras},
     keywords = {methods: numerical, galaxies: kinematics and dynamics, galaxies: evolution, galaxies: structure, Astrophysics},
         year = 2003,
        month = jun,
       volume = {341},
       number = {4},
        pages = {1179-1198},
          doi = {10.1046/j.1365-8711.2003.06473.x},
archivePrefix = {arXiv},
       eprint = {astro-ph/0302519},
 primaryClass = {astro-ph},
       adsurl = {https://ui.adsabs.harvard.edu/abs/2003MNRAS.341.1179A},
      adsnote = {Provided by the SAO/NASA Astrophysics Data System}
}

@ARTICLE{2000ApJ...543..704D,
       author = {{Debattista}, Victor P. and {Sellwood}, J.~A.},
        title = "{Constraints from Dynamical Friction on the Dark Matter Content of Barred Galaxies}",
      journal = {\apj},
     keywords = {Galaxies: Evolution, Galaxies: Halos, Galaxies: Kinematics and Dynamics, Galaxy: Halo, Galaxy: Structure, Astrophysics},
         year = 2000,
        month = nov,
       volume = {543},
       number = {2},
        pages = {704-721},
          doi = {10.1086/317148},
archivePrefix = {arXiv},
       eprint = {astro-ph/0006275},
 primaryClass = {astro-ph},
       adsurl = {https://ui.adsabs.harvard.edu/abs/2000ApJ...543..704D},
      adsnote = {Provided by the SAO/NASA Astrophysics Data System}
}

@ARTICLE{2002ApJ...569L..83A,
       author = {{Athanassoula}, E.},
        title = "{Bar-Halo Interaction and Bar Growth}",
      journal = {\apjl},
     keywords = {Galaxies: Evolution, Galaxies: Halos, Galaxies: Kinematics and Dynamics, Astrophysics},
         year = 2002,
        month = apr,
       volume = {569},
       number = {2},
        pages = {L83-L86},
          doi = {10.1086/340784},
archivePrefix = {arXiv},
       eprint = {astro-ph/0203368},
 primaryClass = {astro-ph},
       adsurl = {https://ui.adsabs.harvard.edu/abs/2002ApJ...569L..83A},
      adsnote = {Provided by the SAO/NASA Astrophysics Data System}
}

@ARTICLE{2002MNRAS.330...35A,
       author = {{Athanassoula}, E. and {Misiriotis}, A.},
        title = "{Morphology, photometry and kinematics of N -body bars - I. Three models with different halo central concentrations}",
      journal = {\mnras},
     keywords = {METHODS: NUMERICAL, GALAXIES: KINEMATICS AND DYNAMICS, GALAXIES: PHOTOMETRY, GALAXIES: STRUCTURE, Astrophysics},
         year = 2002,
        month = feb,
       volume = {330},
       number = {1},
        pages = {35-52},
          doi = {10.1046/j.1365-8711.2002.05028.x},
archivePrefix = {arXiv},
       eprint = {astro-ph/0111449},
 primaryClass = {astro-ph},
       adsurl = {https://ui.adsabs.harvard.edu/abs/2002MNRAS.330...35A},
      adsnote = {Provided by the SAO/NASA Astrophysics Data System}
}

@ARTICLE{2003MNRAS.346..251O,
       author = {{O'Neill}, J.~K. and {Dubinski}, John},
        title = "{Detailed comparison of the structures and kinematics of simulated and observed barred galaxies}",
      journal = {\mnras},
     keywords = {galaxies: evolution, galaxies: haloes, galaxies: kinematics and dynamics, Astrophysics},
         year = 2003,
        month = nov,
       volume = {346},
       number = {1},
        pages = {251-264},
          doi = {10.1046/j.1365-2966.2003.07085.x},
archivePrefix = {arXiv},
       eprint = {astro-ph/0305169},
 primaryClass = {astro-ph},
       adsurl = {https://ui.adsabs.harvard.edu/abs/2003MNRAS.346..251O},
      adsnote = {Provided by the SAO/NASA Astrophysics Data System}
}

@ARTICLE{2005MNRAS.363..991H,
       author = {{Holley-Bockelmann}, K. and {Weinberg}, M. and {Katz}, N.},
        title = "{Bar-induced evolution of dark matter cusps}",
      journal = {\mnras},
     keywords = {methods: N-body simulations, galaxies: kinematics and dynamics, galaxies: spiral, galaxies: structure, Astrophysics},
         year = 2005,
        month = nov,
       volume = {363},
       number = {3},
        pages = {991-1007},
          doi = {10.1111/j.1365-2966.2005.09501.x},
archivePrefix = {arXiv},
       eprint = {astro-ph/0306374},
 primaryClass = {astro-ph},
       adsurl = {https://ui.adsabs.harvard.edu/abs/2005MNRAS.363..991H},
      adsnote = {Provided by the SAO/NASA Astrophysics Data System}
}

@ARTICLE{2006ApJ...637..214M,
       author = {{Martinez-Valpuesta}, Inma and {Shlosman}, Isaac and {Heller}, Clayton},
        title = "{Evolution of Stellar Bars in Live Axisymmetric Halos: Recurrent Buckling and Secular Growth}",
      journal = {\apj},
     keywords = {Galaxies: Bulges, Galaxies: Evolution, Galaxies: Formation, Galaxies: Halos, Galaxies: Kinematics and Dynamics, Galaxies: Spiral, Stellar Dynamics, Astrophysics},
         year = 2006,
        month = jan,
       volume = {637},
       number = {1},
        pages = {214-226},
          doi = {10.1086/498338},
archivePrefix = {arXiv},
       eprint = {astro-ph/0507219},
 primaryClass = {astro-ph},
       adsurl = {https://ui.adsabs.harvard.edu/abs/2006ApJ...637..214M},
      adsnote = {Provided by the SAO/NASA Astrophysics Data System}
}

@ARTICLE{2009ApJ...697..293D,
       author = {{Dubinski}, John and {Berentzen}, Ingo and {Shlosman}, Isaac},
        title = "{Anatomy of the Bar Instability in Cuspy Dark Matter Halos}",
      journal = {\apj},
     keywords = {dark matter, galaxies: evolution, galaxies: kinematics and dynamics, galaxies: structure, methods: N-body simulations, Astrophysics},
         year = 2009,
        month = may,
       volume = {697},
       number = {1},
        pages = {293-310},
          doi = {10.1088/0004-637X/697/1/293},
archivePrefix = {arXiv},
       eprint = {0810.4925},
 primaryClass = {astro-ph},
       adsurl = {https://ui.adsabs.harvard.edu/abs/2009ApJ...697..293D},
      adsnote = {Provided by the SAO/NASA Astrophysics Data System}
}


@ARTICLE{2007MNRAS.375..460W,
       author = {{Weinberg}, Martin D. and {Katz}, Neal},
        title = "{The bar-halo interaction - II. Secular evolution and the religion of N-body simulations}",
      journal = {\mnras},
     keywords = {stellar dynamics, Galaxy: kinematics and dynamics, galaxies: formation, cosmology: observations, cosmology: theory, dark matter, Astrophysics},
         year = 2007,
        month = feb,
       volume = {375},
       number = {2},
        pages = {460-476},
          doi = {10.1111/j.1365-2966.2006.11307.x},
archivePrefix = {arXiv},
       eprint = {astro-ph/0601138},
 primaryClass = {astro-ph},
       adsurl = {https://ui.adsabs.harvard.edu/abs/2007MNRAS.375..460W},
      adsnote = {Provided by the SAO/NASA Astrophysics Data System}
}

@ARTICLE{2011MSAIS..18...23C,
       author = {{Corsini}, E.~M.},
        title = "{Direct measurements of bar pattern speeds.}",
      journal = {Memorie della Societa Astronomica Italiana Supplementi},
     keywords = {galaxies: elliptical and lenticular, cD, galaxies: evolution, galaxies: kinematics and dynamics, galaxies: spiral, galaxies: structure, Astrophysics - Galaxy Astrophysics, Astrophysics - Cosmology and Extragalactic Astrophysics},
         year = 2011,
        month = jan,
       volume = {18},
        pages = {23},
archivePrefix = {arXiv},
       eprint = {1002.1245},
 primaryClass = {astro-ph.GA},
       adsurl = {https://ui.adsabs.harvard.edu/abs/2011MSAIS..18...23C},
      adsnote = {Provided by the SAO/NASA Astrophysics Data System}
}

@ARTICLE{2015AA...576A.102A,
       author = {{Aguerri}, J.~A.~L. and {M{\'e}ndez-Abreu}, J. and {Falc{\'o}n-Barroso}, J. and {Amorin}, A. and {Barrera-Ballesteros}, J. and {Cid Fernandes}, R. and {Garc{\'\i}a-Benito}, R. and {Garc{\'\i}a-Lorenzo}, B. and {Gonz{\'a}lez Delgado}, R.~M. and {Husemann}, B. and {Kalinova}, V. and {Lyubenova}, M. and {Marino}, R.~A. and {M{\'a}rquez}, I. and {Mast}, D. and {P{\'e}rez}, E. and {S{\'a}nchez}, S.~F. and {van de Ven}, G. and {Walcher}, C.~J. and {Backsmann}, N. and {Cortijo-Ferrero}, C. and {Bland-Hawthorn}, J. and {del Olmo}, A. and {Iglesias-P{\'a}ramo}, J. and {P{\'e}rez}, I. and {S{\'a}nchez-Bl{\'a}zquez}, P. and {Wisotzki}, L. and {Ziegler}, B.},
        title = "{Bar pattern speeds in CALIFA galaxies. I. Fast bars across the Hubble sequence}",
      journal = {\aap},
     keywords = {galaxies: kinematics and dynamics, galaxies: structure, galaxies:, photometry, galaxies: evolution, galaxies: formation, Astrophysics - Astrophysics of Galaxies},
         year = 2015,
        month = apr,
       volume = {576},
          eid = {A102},
        pages = {A102},
          doi = {10.1051/0004-6361/201423383},
archivePrefix = {arXiv},
       eprint = {1501.05498},
 primaryClass = {astro-ph.GA},
       adsurl = {https://ui.adsabs.harvard.edu/abs/2015A&A...576A.102A},
      adsnote = {Provided by the SAO/NASA Astrophysics Data System}
}

@ARTICLE{2019MNRAS.482.1733G,
       author = {{Guo}, Rui and {Mao}, Shude and {Athanassoula}, E. and {Li}, Hongyu and {Ge}, Junqiang and {Long}, R.~J. and {Merrifield}, Michael and {Masters}, Karen},
        title = "{SDSS-IV MaNGA: pattern speeds of barred galaxies}",
      journal = {\mnras},
     keywords = {galaxies: evolution, galaxies: kinematics and dynamics, galaxies: structure, Astrophysics - Astrophysics of Galaxies},
         year = 2019,
        month = jan,
       volume = {482},
       number = {2},
        pages = {1733-1756},
          doi = {10.1093/mnras/sty2715},
archivePrefix = {arXiv},
       eprint = {1810.03257},
 primaryClass = {astro-ph.GA},
       adsurl = {https://ui.adsabs.harvard.edu/abs/2019MNRAS.482.1733G},
      adsnote = {Provided by the SAO/NASA Astrophysics Data System}
}

@ARTICLE{2011MNRAS.415.1027H,
       author = {{Hopkins}, Philip F. and {Quataert}, Eliot},
        title = "{An analytic model of angular momentum transport by gravitational torques: from galaxies to massive black holes}",
      journal = {\mnras},
     keywords = {galaxies: active, galaxies: evolution, quasars: general, cosmology: theory, Astrophysics - Cosmology and Extragalactic Astrophysics, Astrophysics - Galaxy Astrophysics, Astrophysics - High Energy Astrophysical Phenomena},
         year = 2011,
        month = aug,
       volume = {415},
       number = {2},
        pages = {1027-1050},
          doi = {10.1111/j.1365-2966.2011.18542.x},
archivePrefix = {arXiv},
       eprint = {1007.2647},
 primaryClass = {astro-ph.CO},
       adsurl = {https://ui.adsabs.harvard.edu/abs/2011MNRAS.415.1027H},
      adsnote = {Provided by the SAO/NASA Astrophysics Data System}
}

@ARTICLE{2021MNRAS.500.4710C,
       author = {{Chiba}, Rimpei and {Friske}, Jennifer K.~S. and {Sch{\"o}nrich}, Ralph},
        title = "{Resonance sweeping by a decelerating Galactic bar}",
      journal = {\mnras},
     keywords = {methods: numerical, Galaxy: evolution, Galaxy: kinematics and dynamics, Astrophysics - Astrophysics of Galaxies},
         year = 2021,
        month = jan,
       volume = {500},
       number = {4},
        pages = {4710-4729},
          doi = {10.1093/mnras/staa3585},
archivePrefix = {arXiv},
       eprint = {1912.04304},
 primaryClass = {astro-ph.GA},
       adsurl = {https://ui.adsabs.harvard.edu/abs/2021MNRAS.500.4710C},
      adsnote = {Provided by the SAO/NASA Astrophysics Data System}
}

@ARTICLE{2021MNRAS.505.2412C,
       author = {{Chiba}, Rimpei and {Sch{\"o}nrich}, Ralph},
        title = "{Tree-ring structure of Galactic bar resonance}",
      journal = {\mnras},
     keywords = {Galaxy: fundamental parameters, Galaxy: evolution, Galaxy: kinematics and dynamics, Astrophysics - Astrophysics of Galaxies},
         year = 2021,
        month = aug,
       volume = {505},
       number = {2},
        pages = {2412-2426},
          doi = {10.1093/mnras/stab1094},
archivePrefix = {arXiv},
       eprint = {2102.08388},
 primaryClass = {astro-ph.GA},
       adsurl = {https://ui.adsabs.harvard.edu/abs/2021MNRAS.505.2412C},
      adsnote = {Provided by the SAO/NASA Astrophysics Data System}
}

@ARTICLE{2000AJ....119..536E,
       author = {{Eskridge}, Paul B. and {Frogel}, Jay A. and {Pogge}, Richard W. and {Quillen}, Alice C. and {Davies}, Roger L. and {DePoy}, D.~L. and {Houdashelt}, Mark L. and {Kuchinski}, Leslie E. and {Ram{\'\i}rez}, Solange V. and {Sellgren}, K. and {Terndrup}, Donald M. and {Tiede}, Glenn P.},
        title = "{The Frequency of Barred Spiral Galaxies in the Near-Infrared}",
      journal = {\aj},
     keywords = {GALAXIES: FUNDAMENTAL PARAMETERS, GALAXIES: SPIRAL, GALAXIES: STATISTICS, GALAXIES: STRUCTURE, Astrophysics},
         year = 2000,
        month = feb,
       volume = {119},
       number = {2},
        pages = {536-544},
          doi = {10.1086/301203},
archivePrefix = {arXiv},
       eprint = {astro-ph/9910479},
 primaryClass = {astro-ph},
       adsurl = {https://ui.adsabs.harvard.edu/abs/2000AJ....119..536E},
      adsnote = {Provided by the SAO/NASA Astrophysics Data System}
}

@ARTICLE{2021AA...650L..16F,
       author = {{Fragkoudi}, F. and {Grand}, R.~J.~J. and {Pakmor}, R. and {Springel}, V. and {White}, S.~D.~M. and {Marinacci}, F. and {Gomez}, F.~A. and {Navarro}, J.~F.},
        title = "{Revisiting the tension between fast bars and the {\ensuremath{\Lambda}}CDM paradigm}",
      journal = {\aap},
     keywords = {galaxies: evolution, galaxies: kinematics and dynamics, galaxies: spiral, galaxies: general, dark matter, Astrophysics - Astrophysics of Galaxies},
         year = 2021,
        month = jun,
       volume = {650},
          eid = {L16},
        pages = {L16},
          doi = {10.1051/0004-6361/202140320},
archivePrefix = {arXiv},
       eprint = {2011.13942},
 primaryClass = {astro-ph.GA},
       adsurl = {https://ui.adsabs.harvard.edu/abs/2021A&A...650L..16F},
      adsnote = {Provided by the SAO/NASA Astrophysics Data System}
}

@ARTICLE{2011Natur.477..301P,
       author = {{Purcell}, Chris W. and {Bullock}, James S. and {Tollerud}, Erik J. and {Rocha}, Miguel and {Chakrabarti}, Sukanya},
        title = "{The Sagittarius impact as an architect of spirality and outer rings in the Milky Way}",
      journal = {\nat},
     keywords = {Astrophysics - Galaxy Astrophysics, Astrophysics - Cosmology and Extragalactic Astrophysics},
         year = 2011,
        month = sep,
       volume = {477},
       number = {7364},
        pages = {301-303},
          doi = {10.1038/nature10417},
archivePrefix = {arXiv},
       eprint = {1109.2918},
 primaryClass = {astro-ph.GA},
       adsurl = {https://ui.adsabs.harvard.edu/abs/2011Natur.477..301P},
      adsnote = {Provided by the SAO/NASA Astrophysics Data System}
}

@ARTICLE{2017MNRAS.469.1054A,
       author = {{Algorry}, David G. and {Navarro}, Julio F. and {Abadi}, Mario G. and {Sales}, Laura V. and {Bower}, Richard G. and {Crain}, Robert A. and {Dalla Vecchia}, Claudio and {Frenk}, Carlos S. and {Schaller}, Matthieu and {Schaye}, Joop and {Theuns}, Tom},
        title = "{Barred galaxies in the EAGLE cosmological hydrodynamical simulation}",
      journal = {\mnras},
     keywords = {Galaxy: disc, Galaxy: formation, Galaxy: structure, Galaxies: kinematics and dynamics, Astrophysics - Astrophysics of Galaxies},
         year = 2017,
        month = jul,
       volume = {469},
       number = {1},
        pages = {1054-1064},
          doi = {10.1093/mnras/stx1008},
archivePrefix = {arXiv},
       eprint = {1609.05909},
 primaryClass = {astro-ph.GA},
       adsurl = {https://ui.adsabs.harvard.edu/abs/2017MNRAS.469.1054A},
      adsnote = {Provided by the SAO/NASA Astrophysics Data System}
}

@ARTICLE{2019MNRAS.483.2721P,
       author = {{Peschken}, Nicolas and {{\L}okas}, Ewa L.},
        title = "{Tidally induced bars in Illustris galaxies}",
      journal = {\mnras},
     keywords = {galaxies: evolution, galaxies: fundamental parameters, galaxies: interactions, galaxies: kinematics and dynamics, galaxies: spiral, galaxies: structure, Astrophysics - Astrophysics of Galaxies},
         year = 2019,
        month = feb,
       volume = {483},
       number = {2},
        pages = {2721-2735},
          doi = {10.1093/mnras/sty3277},
archivePrefix = {arXiv},
       eprint = {1804.06241},
 primaryClass = {astro-ph.GA},
       adsurl = {https://ui.adsabs.harvard.edu/abs/2019MNRAS.483.2721P},
      adsnote = {Provided by the SAO/NASA Astrophysics Data System}
}

@ARTICLE{2013MNRAS.429.1949A,
       author = {{Athanassoula}, E. and {Machado}, Rubens E.~G. and {Rodionov}, S.~A.},
        title = "{Bar formation and evolution in disc galaxies with gas and a triaxial halo: morphology, bar strength and halo properties}",
      journal = {\mnras},
     keywords = {galaxies: evolution, galaxies: haloes, galaxies: kinematics and dynamics, galaxies: structure, Astrophysics - Cosmology and Nongalactic Astrophysics, Astrophysics - Astrophysics of Galaxies},
         year = 2013,
        month = mar,
       volume = {429},
       number = {3},
        pages = {1949-1969},
          doi = {10.1093/mnras/sts452},
archivePrefix = {arXiv},
       eprint = {1211.6754},
 primaryClass = {astro-ph.CO},
       adsurl = {https://ui.adsabs.harvard.edu/abs/2013MNRAS.429.1949A},
      adsnote = {Provided by the SAO/NASA Astrophysics Data System}
}

@ARTICLE{2018MNRAS.476.1331C,
       author = {{Collier}, Angela and {Shlosman}, Isaac and {Heller}, Clayton},
        title = "{What makes the family of barred disc galaxies so rich: damping stellar bars in spinning haloes}",
      journal = {\mnras},
     keywords = {methods: numerical, galaxies: evolution, galaxies: formation, galaxies: haloes, galaxies: interactions, galaxies: kinematics and dynamics, Astrophysics - Astrophysics of Galaxies},
         year = 2018,
        month = may,
       volume = {476},
       number = {1},
        pages = {1331-1344},
          doi = {10.1093/mnras/sty270},
archivePrefix = {arXiv},
       eprint = {1712.02802},
 primaryClass = {astro-ph.GA},
       adsurl = {https://ui.adsabs.harvard.edu/abs/2018MNRAS.476.1331C},
      adsnote = {Provided by the SAO/NASA Astrophysics Data System}
}

@ARTICLE{2019MNRAS.488.5788C,
       author = {{Collier}, Angela and {Shlosman}, Isaac and {Heller}, Clayton},
        title = "{Dark matter bars in spinning haloes}",
      journal = {\mnras},
     keywords = {methods: numerical, galaxies: evolution, galaxies: formation, galaxies: interactions, galaxies: kinematics and dynamics, dark matter, Astrophysics - Astrophysics of Galaxies},
         year = 2019,
        month = oct,
       volume = {488},
       number = {4},
        pages = {5788-5801},
          doi = {10.1093/mnras/stz2144},
archivePrefix = {arXiv},
       eprint = {1811.00033},
 primaryClass = {astro-ph.GA},
       adsurl = {https://ui.adsabs.harvard.edu/abs/2019MNRAS.488.5788C},
      adsnote = {Provided by the SAO/NASA Astrophysics Data System}
}

@ARTICLE{2014ApJ...783L..18L,
       author = {{Long}, Stacy and {Shlosman}, Isaac and {Heller}, Clayton},
        title = "{Secular Damping of Stellar Bars in Spinning Dark Matter Halos}",
      journal = {\apjl},
     keywords = {dark matter, galaxies: evolution, galaxies: formation, galaxies: halos, galaxies: interactions, galaxies: kinematics and dynamics, Astrophysics - Astrophysics of Galaxies, Astrophysics - Cosmology and Nongalactic Astrophysics},
         year = 2014,
        month = mar,
       volume = {783},
       number = {1},
          eid = {L18},
        pages = {L18},
          doi = {10.1088/2041-8205/783/1/L18},
archivePrefix = {arXiv},
       eprint = {1402.1491},
 primaryClass = {astro-ph.GA},
       adsurl = {https://ui.adsabs.harvard.edu/abs/2014ApJ...783L..18L},
      adsnote = {Provided by the SAO/NASA Astrophysics Data System}
}

@ARTICLE{2013MNRAS.434.1287S,
       author = {{Saha}, Kanak and {Naab}, Thorsten},
        title = "{Spinning dark matter haloes promote bar formation}",
      journal = {\mnras},
     keywords = {galaxies: evolution, galaxies: haloes, galaxies: kinematics and dynamics, galaxies: spiral, galaxies: structure, Astrophysics - Cosmology and Nongalactic Astrophysics},
         year = 2013,
        month = sep,
       volume = {434},
       number = {2},
        pages = {1287-1299},
          doi = {10.1093/mnras/stt1088},
archivePrefix = {arXiv},
       eprint = {1304.1667},
 primaryClass = {astro-ph.CO},
       adsurl = {https://ui.adsabs.harvard.edu/abs/2013MNRAS.434.1287S},
      adsnote = {Provided by the SAO/NASA Astrophysics Data System}
}





@ARTICLE{2007ApJ...657..790M,
       author = {{Men{\'e}ndez-Delmestre}, Kar{\'\i}n and {Sheth}, Kartik and {Schinnerer}, Eva and {Jarrett}, Thomas H. and {Scoville}, Nick Z.},
        title = "{A Near-Infrared Study of 2MASS Bars in Local Galaxies: An Anchor for High-Redshift Studies}",
      journal = {\apj},
     keywords = {Galaxies: Spiral, Galaxies: Structure, Infrared: Galaxies, Methods: Data Analysis, Techniques: Photometric, Astrophysics},
         year = 2007,
        month = mar,
       volume = {657},
       number = {2},
        pages = {790-804},
          doi = {10.1086/511025},
archivePrefix = {arXiv},
       eprint = {astro-ph/0611540},
 primaryClass = {astro-ph},
       adsurl = {https://ui.adsabs.harvard.edu/abs/2007ApJ...657..790M},
      adsnote = {Provided by the SAO/NASA Astrophysics Data System}
}

@ARTICLE{2019MNRAS.490.4740B,
       author = {{Bovy}, Jo and {Leung}, Henry W. and {Hunt}, Jason A.~S. and {Mackereth}, J. Ted and {Garc{\'\i}a-Hern{\'a}ndez}, Domingo A. and {Roman-Lopes}, Alexandre},
        title = "{Life in the fast lane: a direct view of the dynamics, formation, and evolution of the Milky Way's bar}",
      journal = {\mnras},
     keywords = {Galaxy: abundances, Galaxy: bulge, Galaxy: evolution, Galaxy: fundamental parameters, Galaxy: kinematics and dynamics, Galaxy: structure, Astrophysics - Astrophysics of Galaxies, Astrophysics - Cosmology and Nongalactic Astrophysics},
         year = 2019,
        month = dec,
       volume = {490},
       number = {4},
        pages = {4740-4747},
          doi = {10.1093/mnras/stz2891},
archivePrefix = {arXiv},
       eprint = {1905.11404},
 primaryClass = {astro-ph.GA},
       adsurl = {https://ui.adsabs.harvard.edu/abs/2019MNRAS.490.4740B},
      adsnote = {Provided by the SAO/NASA Astrophysics Data System}
}

@ARTICLE{2012MNRAS.420..913B,
       author = {{Bird}, Jonathan C. and {Kazantzidis}, Stelios and {Weinberg}, David H.},
        title = "{Radial mixing in galactic discs: the effects of disc structure and satellite bombardment}",
      journal = {\mnras},
     keywords = {methods: numerical, stars: kinematics and dynamics, Galaxy: disc, Galaxy: kinematics and dynamics, galaxies: evolution, galaxies: formation, Astrophysics - Astrophysics of Galaxies},
         year = 2012,
        month = feb,
       volume = {420},
       number = {2},
        pages = {913-925},
          doi = {10.1111/j.1365-2966.2011.19728.x},
archivePrefix = {arXiv},
       eprint = {1104.0933},
 primaryClass = {astro-ph.GA},
       adsurl = {https://ui.adsabs.harvard.edu/abs/2012MNRAS.420..913B},
      adsnote = {Provided by the SAO/NASA Astrophysics Data System}
}

@ARTICLE{2015ApJ...808..132H,
       author = {{Hayden}, Michael R. and {Bovy}, Jo and {Holtzman}, Jon A. and {Nidever}, David L. and {Bird}, Jonathan C. and {Weinberg}, David H. and {Andrews}, Brett H. and {Majewski}, Steven R. and {Allende Prieto}, Carlos and {Anders}, Friedrich and {Beers}, Timothy C. and {Bizyaev}, Dmitry and {Chiappini}, Cristina and {Cunha}, Katia and {Frinchaboy}, Peter and {Garc{\'\i}a-Her{\'n}andez}, D.~A. and {Garc{\'\i}a P{\'e}rez}, Ana E. and {Girardi}, L{\'e}o and {Harding}, Paul and {Hearty}, Fred R. and {Johnson}, Jennifer A. and {M{\'e}sz{\'a}ros}, Szabolcs and {Minchev}, Ivan and {O'Connell}, Robert and {Pan}, Kaike and {Robin}, Annie C. and {Schiavon}, Ricardo P. and {Schneider}, Donald P. and {Schultheis}, Mathias and {Shetrone}, Matthew and {Skrutskie}, Michael and {Steinmetz}, Matthias and {Smith}, Verne and {Wilson}, John C. and {Zamora}, Olga and {Zasowski}, Gail},
        title = "{Chemical Cartography with APOGEE: Metallicity Distribution Functions and the Chemical Structure of the Milky Way Disk}",
      journal = {\apj},
     keywords = {Galaxy: abundances, Galaxy: disk, Galaxy: evolution, Galaxy: stellar content, Galaxy: structure, Astrophysics - Astrophysics of Galaxies},
         year = 2015,
        month = aug,
       volume = {808},
       number = {2},
          eid = {132},
        pages = {132},
          doi = {10.1088/0004-637X/808/2/132},
archivePrefix = {arXiv},
       eprint = {1503.02110},
 primaryClass = {astro-ph.GA},
       adsurl = {https://ui.adsabs.harvard.edu/abs/2015ApJ...808..132H},
      adsnote = {Provided by the SAO/NASA Astrophysics Data System}
}



@ARTICLE{1992ApJ...400...80H,
       author = {{Hernquist}, Lars and {Weinberg}, Martin D.},
        title = "{Bar-Spheroid Interaction in Galaxies}",
      journal = {\apj},
     keywords = {Barred Galaxies, Disk Galaxies, Galactic Evolution, Galactic Structure, Interacting Galaxies, Spheroids, Angular Momentum, Dynamics, Kinematics, Many Body Problem, Astrophysics, GALAXIES: KINEMATICS AND DYNAMICS, METHODS: NUMERICAL},
         year = 1992,
        month = nov,
       volume = {400},
        pages = {80},
          doi = {10.1086/171975},
       adsurl = {https://ui.adsabs.harvard.edu/abs/1992ApJ...400...80H},
      adsnote = {Provided by the SAO/NASA Astrophysics Data System}
}

@ARTICLE{2010MNRAS.401..791S,
       author = {{Springel}, Volker},
        title = "{E pur si muove: Galilean-invariant cosmological hydrodynamical simulations on a moving mesh}",
      journal = {\mnras},
     keywords = {methods: numerical, galaxies: interactions, cosmology: dark matter, Astrophysics - Cosmology and Nongalactic Astrophysics},
         year = 2010,
        month = jan,
       volume = {401},
       number = {2},
        pages = {791-851},
          doi = {10.1111/j.1365-2966.2009.15715.x},
archivePrefix = {arXiv},
       eprint = {0901.4107},
 primaryClass = {astro-ph.CO},
       adsurl = {https://ui.adsabs.harvard.edu/abs/2010MNRAS.401..791S},
      adsnote = {Provided by the SAO/NASA Astrophysics Data System}
}

@ARTICLE{2019MNRAS.489.4233M,
       author = {{Marinacci}, Federico and {Sales}, Laura V. and {Vogelsberger}, Mark and {Torrey}, Paul and {Springel}, Volker},
        title = "{Simulating the interstellar medium and stellar feedback on a moving mesh: implementation and isolated galaxies}",
      journal = {\mnras},
     keywords = {ISM: general, galaxies: evolution, galaxies: formation, galaxies: ISM, Astrophysics - Astrophysics of Galaxies},
         year = 2019,
        month = nov,
       volume = {489},
       number = {3},
        pages = {4233-4260},
          doi = {10.1093/mnras/stz2391},
archivePrefix = {arXiv},
       eprint = {1905.08806},
 primaryClass = {astro-ph.GA},
       adsurl = {https://ui.adsabs.harvard.edu/abs/2019MNRAS.489.4233M},
      adsnote = {Provided by the SAO/NASA Astrophysics Data System}
}

@ARTICLE{2020ApJ...890..117D,
       author = {{D'Onghia}, Elena and {L. Aguerri}, J. Alfonso},
        title = "{Trojans in the Solar Neighborhood}",
      journal = {\apj},
     keywords = {602, 591, Astrophysics - Astrophysics of Galaxies},
         year = 2020,
        month = feb,
       volume = {890},
       number = {2},
          eid = {117},
        pages = {117},
          doi = {10.3847/1538-4357/ab6bd6},
archivePrefix = {arXiv},
       eprint = {1907.08484},
 primaryClass = {astro-ph.GA},
       adsurl = {https://ui.adsabs.harvard.edu/abs/2020ApJ...890..117D},
      adsnote = {Provided by the SAO/NASA Astrophysics Data System}
}

@ARTICLE{2005MNRAS.361..776S,
       author = {{Springel}, Volker and {Di Matteo}, Tiziana and {Hernquist}, Lars},
        title = "{Modelling feedback from stars and black holes in galaxy mergers}",
      journal = {\mnras},
     keywords = {methods: numerical, galaxies: active, galaxies: interactions, galaxies: starburst, galaxies: structure, Astrophysics},
         year = 2005,
        month = aug,
       volume = {361},
       number = {3},
        pages = {776-794},
          doi = {10.1111/j.1365-2966.2005.09238.x},
archivePrefix = {arXiv},
       eprint = {astro-ph/0411108},
 primaryClass = {astro-ph},
       adsurl = {https://ui.adsabs.harvard.edu/abs/2005MNRAS.361..776S},
      adsnote = {Provided by the SAO/NASA Astrophysics Data System}
}

@ARTICLE{1990ApJ...356..359H,
       author = {{Hernquist}, Lars},
        title = "{An Analytical Model for Spherical Galaxies and Bulges}",
      journal = {\apj},
     keywords = {Computational Astrophysics, Elliptical Galaxies, Galactic Bulge, Galactic Structure, Astronomical Models, Astronomical Photometry, Brightness Distribution, Distribution Functions, Astrophysics, GALAXIES: PHOTOMETRY, GALAXIES: STRUCTURE},
         year = 1990,
        month = jun,
       volume = {356},
        pages = {359},
          doi = {10.1086/168845},
       adsurl = {https://ui.adsabs.harvard.edu/abs/1990ApJ...356..359H},
      adsnote = {Provided by the SAO/NASA Astrophysics Data System}
}

@ARTICLE{2010ApJ...719.1470V,
       author = {{Villa-Vargas}, Jorge and {Shlosman}, Isaac and {Heller}, Clayton},
        title = "{Dark Matter Halos and Evolution of Bars in Disk Galaxies: Varying Gas Fraction and Gas Spatial Resolution}",
      journal = {\apj},
     keywords = {galaxies: evolution, galaxies: halos, galaxies: kinematics and dynamics, galaxies: spiral, galaxies: structure, stars: kinematics and dynamics, Astrophysics - Cosmology and Nongalactic Astrophysics},
         year = 2010,
        month = aug,
       volume = {719},
       number = {2},
        pages = {1470-1480},
          doi = {10.1088/0004-637X/719/2/1470},
archivePrefix = {arXiv},
       eprint = {1004.4899},
 primaryClass = {astro-ph.CO},
       adsurl = {https://ui.adsabs.harvard.edu/abs/2010ApJ...719.1470V},
      adsnote = {Provided by the SAO/NASA Astrophysics Data System}
}

@ARTICLE{1993AA...268...65F,
       author = {{Friedli}, D. and {Benz}, W.},
        title = "{Secular evolution of isolated barred galaxies. I. Gravitational coupling between stellar bars and interstellar medium.}",
      journal = {\aap},
     keywords = {Barred Galaxies, Galactic Evolution, Gravitational Effects, Interstellar Gas, Angular Momentum, Astronomical Models, Computational Astrophysics, Galactic Nuclei, Star Formation, Three Dimensional Models, Astrophysics},
         year = 1993,
        month = feb,
       volume = {268},
        pages = {65-85},
       adsurl = {https://ui.adsabs.harvard.edu/abs/1993A&A...268...65F},
      adsnote = {Provided by the SAO/NASA Astrophysics Data System}
}

@ARTICLE{2021MNRAS.503.2833R,
       author = {{Roshan}, Mahmood and {Banik}, Indranil and {Ghafourian}, Neda and {Thies}, Ingo and {Famaey}, Benoit and {Asencio}, Elena and {Kroupa}, Pavel},
        title = "{Barred spiral galaxies in modified gravity theories}",
      journal = {\mnras},
     keywords = {gravitation, instabilities, galaxies: evolution, galaxies: bar, galaxies: spiral, Astrophysics - Astrophysics of Galaxies, General Relativity and Quantum Cosmology},
         year = 2021,
        month = may,
       volume = {503},
       number = {2},
        pages = {2833-2860},
          doi = {10.1093/mnras/stab651},
archivePrefix = {arXiv},
       eprint = {2103.01794},
 primaryClass = {astro-ph.GA},
       adsurl = {https://ui.adsabs.harvard.edu/abs/2021MNRAS.503.2833R},
      adsnote = {Provided by the SAO/NASA Astrophysics Data System}
}

@ARTICLE{2021MNRAS.508..926R,
       author = {{Roshan}, Mahmood and {Ghafourian}, Neda and {Kashfi}, Tahere and {Banik}, Indranil and {Haslbauer}, Moritz and {Cuomo}, Virginia and {Famaey}, Benoit and {Kroupa}, Pavel},
        title = "{Fast galaxy bars continue to challenge standard cosmology}",
      journal = {\mnras},
     keywords = {gravitation, instabilities, galaxies: evolution, galaxies: bar, galaxies: spiral, Astrophysics - Astrophysics of Galaxies, General Relativity and Quantum Cosmology},
         year = 2021,
        month = nov,
       volume = {508},
       number = {1},
        pages = {926-939},
          doi = {10.1093/mnras/stab2553},
archivePrefix = {arXiv},
       eprint = {2106.10304},
 primaryClass = {astro-ph.GA},
       adsurl = {https://ui.adsabs.harvard.edu/abs/2021MNRAS.508..926R},
      adsnote = {Provided by the SAO/NASA Astrophysics Data System}
}

@ARTICLE{1998ApJ...493L...5D,
       author = {{Debattista}, Victor P. and {Sellwood}, J.~A.},
        title = "{Dynamical Friction and the Distribution of Dark Matter in Barred Galaxies}",
      journal = {\apjl},
     keywords = {GALAXIES: EVOLUTION, GALAXIES: HALOS, GALAXIES: KINEMATICS AND DYNAMICS, GALAXY: HALO, GALAXY: STRUCTURE, Galaxies: Evolution, Galaxies: Halos, Galaxies: Kinematics and Dynamics, Galaxy: Halo, Galaxy: Structure, Astrophysics},
         year = 1998,
        month = jan,
       volume = {493},
       number = {1},
        pages = {L5-L8},
          doi = {10.1086/311118},
archivePrefix = {arXiv},
       eprint = {astro-ph/9710039},
 primaryClass = {astro-ph},
       adsurl = {https://ui.adsabs.harvard.edu/abs/1998ApJ...493L...5D},
      adsnote = {Provided by the SAO/NASA Astrophysics Data System}
}

@ARTICLE{2002MNRAS.336..785S,
       author = {{Sellwood}, J.~A. and {Binney}, J.~J.},
        title = "{Radial mixing in galactic discs}",
      journal = {\mnras},
     keywords = {ISM: abundances, Galaxy: abundances, Galaxy: kinematics and dynamics, galaxies: evolution, galaxies: ISM, galaxies: structure, Astrophysics},
         year = 2002,
        month = nov,
       volume = {336},
       number = {3},
        pages = {785-796},
          doi = {10.1046/j.1365-8711.2002.05806.x},
archivePrefix = {arXiv},
       eprint = {astro-ph/0203510},
 primaryClass = {astro-ph},
       adsurl = {https://ui.adsabs.harvard.edu/abs/2002MNRAS.336..785S},
      adsnote = {Provided by the SAO/NASA Astrophysics Data System}
}

@ARTICLE{1971ApJ...168..343H,
       author = {{Hohl}, Frank},
        title = "{Numerical Experiments with a Disk of Stars}",
      journal = {\apj},
         year = 1971,
        month = sep,
       volume = {168},
        pages = {343},
          doi = {10.1086/151091},
       adsurl = {https://ui.adsabs.harvard.edu/abs/1971ApJ...168..343H},
      adsnote = {Provided by the SAO/NASA Astrophysics Data System}
}

@ARTICLE{1976AJ.....81...30H,
       author = {{Hohl}, F.},
        title = "{Suppression of bar instability by a massive halo.}",
      journal = {\aj},
     keywords = {Astronomical Models, Galactic Evolution, Galactic Structure, Halos, Star Distribution, Dynamic Stability, Mass Distribution, Stabilization, Stellar Motions, Astrophysics},
         year = 1976,
        month = jan,
       volume = {81},
        pages = {30-36},
          doi = {10.1086/111849},
       adsurl = {https://ui.adsabs.harvard.edu/abs/1976AJ.....81...30H},
      adsnote = {Provided by the SAO/NASA Astrophysics Data System}
}

@ARTICLE{1973ApJ...186..467O,
       author = {{Ostriker}, J.~P. and {Peebles}, P.~J.~E.},
        title = "{A Numerical Study of the Stability of Flattened Galaxies: or, can Cold Galaxies Survive?}",
      journal = {\apj},
         year = 1973,
        month = dec,
       volume = {186},
        pages = {467-480},
          doi = {10.1086/152513},
       adsurl = {https://ui.adsabs.harvard.edu/abs/1973ApJ...186..467O},
      adsnote = {Provided by the SAO/NASA Astrophysics Data System}
}

@ARTICLE{1980AA....81..198C,
       author = {{Contopoulos}, G.},
        title = "{How far do bars extend}",
      journal = {\aap},
     keywords = {Bars, Galactic Structure, Perturbation Theory, Resonance, Astronomical Models, Celestial Mechanics, Orbital Mechanics, Astronomy},
         year = 1980,
        month = jan,
       volume = {81},
       number = {1-2},
        pages = {198-209},
       adsurl = {https://ui.adsabs.harvard.edu/abs/1980A&A....81..198C},
      adsnote = {Provided by the SAO/NASA Astrophysics Data System}
}

@ARTICLE{2017MNRAS.467..179G,
       author = {{Grand}, Robert J.~J. and {G{\'o}mez}, Facundo A. and {Marinacci}, Federico and {Pakmor}, R{\"u}diger and {Springel}, Volker and {Campbell}, David J.~R. and {Frenk}, Carlos S. and {Jenkins}, Adrian and {White}, Simon D.~M.},
        title = "{The Auriga Project: the properties and formation mechanisms of disc galaxies across cosmic time}",
      journal = {\mnras},
     keywords = {galaxies: evolution, galaxies: kinematics and dynamics, galaxies: spiral, galaxies: structure, Astrophysics - Astrophysics of Galaxies, Astrophysics - Cosmology and Nongalactic Astrophysics},
         year = 2017,
        month = may,
       volume = {467},
       number = {1},
        pages = {179-207},
          doi = {10.1093/mnras/stx071},
archivePrefix = {arXiv},
       eprint = {1610.01159},
 primaryClass = {astro-ph.GA},
       adsurl = {https://ui.adsabs.harvard.edu/abs/2017MNRAS.467..179G},
      adsnote = {Provided by the SAO/NASA Astrophysics Data System}
}

@ARTICLE{2019ApJ...871..120E,
       author = {{Eilers}, Anna-Christina and {Hogg}, David W. and {Rix}, Hans-Walter and {Ness}, Melissa K.},
        title = "{The Circular Velocity Curve of the Milky Way from 5 to 25 kpc}",
      journal = {\apj},
     keywords = {catalogs, Galaxy: disk, Galaxy: kinematics and dynamics, methods: statistical, stars: distances, techniques: spectroscopic, Astrophysics - Astrophysics of Galaxies},
         year = 2019,
        month = jan,
       volume = {871},
       number = {1},
          eid = {120},
        pages = {120},
          doi = {10.3847/1538-4357/aaf648},
archivePrefix = {arXiv},
       eprint = {1810.09466},
 primaryClass = {astro-ph.GA},
       adsurl = {https://ui.adsabs.harvard.edu/abs/2019ApJ...871..120E},
      adsnote = {Provided by the SAO/NASA Astrophysics Data System}
}

@ARTICLE{2016MNRAS.463.1952P,
       author = {{Petersen}, Michael S. and {Weinberg}, Martin D. and {Katz}, Neal},
        title = "{Dark matter trapping by stellar bars: the shadow bar}",
      journal = {\mnras},
     keywords = {galaxies: evolution, galaxies: haloes, galaxies: kinematics and dynamics, galaxies: structure, Astrophysics - Astrophysics of Galaxies},
         year = 2016,
        month = dec,
       volume = {463},
       number = {2},
        pages = {1952-1967},
          doi = {10.1093/mnras/stw2141},
archivePrefix = {arXiv},
       eprint = {1602.04826},
 primaryClass = {astro-ph.GA},
       adsurl = {https://ui.adsabs.harvard.edu/abs/2016MNRAS.463.1952P},
      adsnote = {Provided by the SAO/NASA Astrophysics Data System}
}

@ARTICLE{2019MNRAS.482.1525V,
       author = {{Vasiliev}, Eugene},
        title = "{AGAMA: action-based galaxy modelling architecture}",
      journal = {\mnras},
     keywords = {methods: numerical, galaxies: kinematics and dynamics, Astrophysics - Astrophysics of Galaxies},
         year = 2019,
        month = jan,
       volume = {482},
       number = {2},
        pages = {1525-1544},
          doi = {10.1093/mnras/sty2672},
archivePrefix = {arXiv},
       eprint = {1802.08239},
 primaryClass = {astro-ph.GA},
       adsurl = {https://ui.adsabs.harvard.edu/abs/2019MNRAS.482.1525V},
      adsnote = {Provided by the SAO/NASA Astrophysics Data System}
}

@ARTICLE{2018MNRAS.480..800H,
       author = {{Hopkins}, Philip F. and {Wetzel}, Andrew and {Kere{\v{s}}}, Du{\v{s}}an and {Faucher-Gigu{\`e}re}, Claude-Andr{\'e} and {Quataert}, Eliot and {Boylan-Kolchin}, Michael and {Murray}, Norman and {Hayward}, Christopher C. and {Garrison-Kimmel}, Shea and {Hummels}, Cameron and {Feldmann}, Robert and {Torrey}, Paul and {Ma}, Xiangcheng and {Angl{\'e}s-Alc{\'a}zar}, Daniel and {Su}, Kung-Yi and {Orr}, Matthew and {Schmitz}, Denise and {Escala}, Ivanna and {Sanderson}, Robyn and {Grudi{\'c}}, Michael Y. and {Hafen}, Zachary and {Kim}, Ji-Hoon and {Fitts}, Alex and {Bullock}, James S. and {Wheeler}, Coral and {Chan}, T.~K. and {Elbert}, Oliver D. and {Narayanan}, Desika},
        title = "{FIRE-2 simulations: physics versus numerics in galaxy formation}",
      journal = {\mnras},
     keywords = {methods: numerical, stars: formation, galaxies: active, galaxies: evolution, galaxies: formation, cosmology: theory, Astrophysics - Astrophysics of Galaxies, Astrophysics - Cosmology and Nongalactic Astrophysics, Astrophysics - Instrumentation and Methods for Astrophysics},
         year = 2018,
        month = oct,
       volume = {480},
       number = {1},
        pages = {800-863},
          doi = {10.1093/mnras/sty1690},
archivePrefix = {arXiv},
       eprint = {1702.06148},
 primaryClass = {astro-ph.GA},
       adsurl = {https://ui.adsabs.harvard.edu/abs/2018MNRAS.480..800H},
      adsnote = {Provided by the SAO/NASA Astrophysics Data System}
}

@ARTICLE{2012ARAA..50..531K,
       author = {{Kennicutt}, Robert C. and {Evans}, Neal J.},
        title = "{Star Formation in the Milky Way and Nearby Galaxies}",
      journal = {\araa},
     keywords = {Astrophysics - Astrophysics of Galaxies, Astrophysics - Cosmology and Nongalactic Astrophysics},
         year = 2012,
        month = sep,
       volume = {50},
        pages = {531-608},
          doi = {10.1146/annurev-astro-081811-125610},
archivePrefix = {arXiv},
       eprint = {1204.3552},
 primaryClass = {astro-ph.GA},
       adsurl = {https://ui.adsabs.harvard.edu/abs/2012ARA&A..50..531K},
      adsnote = {Provided by the SAO/NASA Astrophysics Data System}
}

@ARTICLE{1989ApJS...70..419H,
       author = {{Hernquist}, Lars and {Katz}, Neal},
        title = "{TREESPH: A Unification of SPH with the Hierarchical Tree Method}",
      journal = {\apjs},
     keywords = {Computational Fluid Dynamics, Computerized Simulation, Data Smoothing, Magnetohydrodynamics, Trees (Mathematics), Dynamical Systems, Many Body Problem, Monte Carlo Method, Spatial Resolution, Fluid Mechanics and Heat Transfer, HYDRODYNAMICS, NUMERICAL METHODS},
         year = 1989,
        month = jun,
       volume = {70},
        pages = {419},
          doi = {10.1086/191344},
       adsurl = {https://ui.adsabs.harvard.edu/abs/1989ApJS...70..419H},
      adsnote = {Provided by the SAO/NASA Astrophysics Data System}
}

@ARTICLE{2003MNRAS.339..289S,
       author = {{Springel}, Volker and {Hernquist}, Lars},
        title = "{Cosmological smoothed particle hydrodynamics simulations: a hybrid multiphase model for star formation}",
      journal = {\mnras},
     keywords = {methods: numerical, galaxies: evolution, galaxies: formation, Astrophysics},
         year = 2003,
        month = feb,
       volume = {339},
       number = {2},
        pages = {289-311},
          doi = {10.1046/j.1365-8711.2003.06206.x},
archivePrefix = {arXiv},
       eprint = {astro-ph/0206393},
 primaryClass = {astro-ph},
       adsurl = {https://ui.adsabs.harvard.edu/abs/2003MNRAS.339..289S},
      adsnote = {Provided by the SAO/NASA Astrophysics Data System}
}

@ARTICLE{2009ARAA..47..159B,
       author = {{Blanton}, Michael R. and {Moustakas}, John},
        title = "{Physical Properties and Environments of Nearby Galaxies}",
      journal = {\araa},
     keywords = {Astrophysics - Astrophysics of Galaxies, Astrophysics - Cosmology and Nongalactic Astrophysics},
         year = 2009,
        month = sep,
       volume = {47},
       number = {1},
        pages = {159-210},
          doi = {10.1146/annurev-astro-082708-101734},
archivePrefix = {arXiv},
       eprint = {0908.3017},
 primaryClass = {astro-ph.GA},
       adsurl = {https://ui.adsabs.harvard.edu/abs/2009ARA&A..47..159B},
      adsnote = {Provided by the SAO/NASA Astrophysics Data System}
}

@ARTICLE{2016MNRAS.463.1751C,
       author = {{Chequers}, Matthew H. and {Spekkens}, Kristine and {Widrow}, Lawrence M. and {Gilhuly}, Colleen},
        title = "{Simulating a slow bar in the low surface brightness galaxy UGC 628}",
      journal = {\mnras},
     keywords = {galaxies: evolution, galaxies: individual: UGC 628, galaxies: kinematics and dynamics, Astrophysics - Astrophysics of Galaxies},
         year = 2016,
        month = dec,
       volume = {463},
       number = {2},
        pages = {1751-1758},
          doi = {10.1093/mnras/stw2113},
archivePrefix = {arXiv},
       eprint = {1608.08248},
 primaryClass = {astro-ph.GA},
       adsurl = {https://ui.adsabs.harvard.edu/abs/2016MNRAS.463.1751C},
      adsnote = {Provided by the SAO/NASA Astrophysics Data System}
}

@ARTICLE{2009AA...499L..25C,
       author = {{Chemin}, L. and {Hernandez}, O.},
        title = "{A slow bar in a dark matter dominated galaxy}",
      journal = {\aap},
     keywords = {galaxies: kinematics and dynamics, galaxies: spiral, galaxies: structure, galaxies: fundamental parameters, cosmology: dark matter, Astrophysics - Cosmology and Extragalactic Astrophysics},
         year = 2009,
        month = jun,
       volume = {499},
       number = {3},
        pages = {L25-L28},
          doi = {10.1051/0004-6361/200912019},
archivePrefix = {arXiv},
       eprint = {0904.3442},
 primaryClass = {astro-ph.CO},
       adsurl = {https://ui.adsabs.harvard.edu/abs/2009A&A...499L..25C},
      adsnote = {Provided by the SAO/NASA Astrophysics Data System}
}

@ARTICLE{2022ApJ...929L..18E,
       author = {{Evans}, Neal J. and {Kim}, Jeong-Gyu and {Ostriker}, Eve C.},
        title = "{Slow Star Formation in the Milky Way: Theory Meets Observations}",
      journal = {\apjl},
     keywords = {Molecular clouds, Star formation, 1072, 1569, Astrophysics - Astrophysics of Galaxies},
         year = 2022,
        month = apr,
       volume = {929},
       number = {1},
          eid = {L18},
        pages = {L18},
          doi = {10.3847/2041-8213/ac6427},
archivePrefix = {arXiv},
       eprint = {2204.02314},
 primaryClass = {astro-ph.GA},
       adsurl = {https://ui.adsabs.harvard.edu/abs/2022ApJ...929L..18E},
      adsnote = {Provided by the SAO/NASA Astrophysics Data System}
}

@ARTICLE{2017ApJ...834...57M,
       author = {{Miville-Desch{\^e}nes}, Marc-Antoine and {Murray}, Norman and {Lee}, Eve J.},
        title = "{Physical Properties of Molecular Clouds for the Entire Milky Way Disk}",
      journal = {\apj},
     keywords = {Galaxy: general, ISM: clouds, ISM: general, ISM: kinematics and dynamics, methods: data analysis, turbulence, Astrophysics - Astrophysics of Galaxies},
         year = 2017,
        month = jan,
       volume = {834},
       number = {1},
          eid = {57},
        pages = {57},
          doi = {10.3847/1538-4357/834/1/57},
archivePrefix = {arXiv},
       eprint = {1610.05918},
 primaryClass = {astro-ph.GA},
       adsurl = {https://ui.adsabs.harvard.edu/abs/2017ApJ...834...57M},
      adsnote = {Provided by the SAO/NASA Astrophysics Data System}
}

@ARTICLE{1964AnaCh..36.1627S,
       author = {{Savitzky}, A. and {Golay}, M.~J.~E.},
        title = "{Smoothing and differentiation of data by simplified least squares procedures}",
      journal = {Analytical Chemistry},
         year = 1964,
        month = jan,
       volume = {36},
        pages = {1627-1639},
       adsurl = {https://ui.adsabs.harvard.edu/abs/1964AnaCh..36.1627S},
      adsnote = {Provided by the SAO/NASA Astrophysics Data System}
}

@ARTICLE{2008AA...487..951K,
       author = {{Kalberla}, P.~M.~W. and {Dedes}, L.},
        title = "{Global properties of the H I distribution in the outer Milky Way. Planar and extra-planar gas}",
      journal = {\aap},
     keywords = {Galaxy: disk, Galaxy: halo, Galaxy: structure, Galaxy: kinematics and dynamics, ISM: structure, Astrophysics},
         year = 2008,
        month = sep,
       volume = {487},
       number = {3},
        pages = {951-963},
          doi = {10.1051/0004-6361:20079240},
archivePrefix = {arXiv},
       eprint = {0804.4831},
 primaryClass = {astro-ph},
       adsurl = {https://ui.adsabs.harvard.edu/abs/2008A&A...487..951K},
      adsnote = {Provided by the SAO/NASA Astrophysics Data System}
}

@ARTICLE{2020MNRAS.491.3655G,
       author = {{Garma-Oehmichen}, L. and {Cano-D{\'\i}az}, M. and {Hern{\'a}ndez-Toledo}, H. and {Aquino-Ort{\'\i}z}, E. and {Valenzuela}, O. and {Aguerri}, J.~A.~L. and {S{\'a}nchez}, S.~F. and {Merrifield}, M.},
        title = "{SDSS-IV MaNGA: bar pattern speed estimates with the Tremaine-Weinberg method and their error sources}",
      journal = {\mnras},
     keywords = {galaxies: evolution, galaxies: kinematics and dynamics, galaxies: statistics, galaxies: structure, Astrophysics - Astrophysics of Galaxies},
         year = 2020,
        month = jan,
       volume = {491},
       number = {3},
        pages = {3655-3671},
          doi = {10.1093/mnras/stz3101},
archivePrefix = {arXiv},
       eprint = {1911.00090},
 primaryClass = {astro-ph.GA},
       adsurl = {https://ui.adsabs.harvard.edu/abs/2020MNRAS.491.3655G},
      adsnote = {Provided by the SAO/NASA Astrophysics Data System}
}

@ARTICLE{2001ApJ...554.1274C,
       author = {{Chabrier}, Gilles},
        title = "{The Galactic Disk Mass Budget. I. Stellar Mass Function and Density}",
      journal = {\apj},
     keywords = {Cosmology: Dark Matter, Stars: Low-Mass, Brown Dwarfs, Stars: Luminosity Function, Mass Function, Astrophysics},
         year = 2001,
        month = jun,
       volume = {554},
       number = {2},
        pages = {1274-1281},
          doi = {10.1086/321401},
archivePrefix = {arXiv},
       eprint = {astro-ph/0107018},
 primaryClass = {astro-ph},
       adsurl = {https://ui.adsabs.harvard.edu/abs/2001ApJ...554.1274C},
      adsnote = {Provided by the SAO/NASA Astrophysics Data System}
}

@ARTICLE{2022MNRAS.513..768C,
       author = {{Chiba}, Rimpei and {Sch{\"o}nrich}, Ralph},
        title = "{Oscillating dynamical friction on galactic bars by trapped dark matter}",
      journal = {\mnras},
     keywords = {Galaxy: kinematics and dynamics, Galaxy: evolution, Galaxy: halo, methods: analytical, dark matter, Astrophysics - Astrophysics of Galaxies},
         year = 2022,
        month = jun,
       volume = {513},
       number = {1},
        pages = {768-787},
          doi = {10.1093/mnras/stac697},
archivePrefix = {arXiv},
       eprint = {2109.10910},
 primaryClass = {astro-ph.GA},
       adsurl = {https://ui.adsabs.harvard.edu/abs/2022MNRAS.513..768C},
      adsnote = {Provided by the SAO/NASA Astrophysics Data System}
}

@ARTICLE{2020AC....3100381C,
       author = {{Camps}, P. and {Baes}, M.},
        title = "{SKIRT 9: Redesigning an advanced dust radiative transfer code to allow kinematics, line transfer and polarization by aligned dust grains}",
      journal = {Astronomy and Computing},
     keywords = {Radiative transfer, Dust, ISM, Numerical methods, Software design, Astrophysics - Astrophysics of Galaxies},
         year = 2020,
        month = apr,
       volume = {31},
          eid = {100381},
        pages = {100381},
          doi = {10.1016/j.ascom.2020.100381},
archivePrefix = {arXiv},
       eprint = {2003.00721},
 primaryClass = {astro-ph.GA},
       adsurl = {https://ui.adsabs.harvard.edu/abs/2020A&C....3100381C},
      adsnote = {Provided by the SAO/NASA Astrophysics Data System}
}

@ARTICLE{1993RPPh...56..173S,
       author = {{Sellwood}, J.~A. and {Wilkinson}, A.},
        title = "{Dynamics of barred galaxies}",
      journal = {Reports on Progress in Physics},
     keywords = {Astrophysics},
         year = 1993,
        month = feb,
       volume = {56},
       number = {2},
        pages = {173-256},
          doi = {10.1088/0034-4885/56/2/001},
archivePrefix = {arXiv},
       eprint = {astro-ph/0608665},
 primaryClass = {astro-ph},
       adsurl = {https://ui.adsabs.harvard.edu/abs/1993RPPh...56..173S},
      adsnote = {Provided by the SAO/NASA Astrophysics Data System}
}

@ARTICLE{2004PASP..116..133L,
       author = {{Lupton}, Robert and {Blanton}, Michael R. and {Fekete}, George and {Hogg}, David W. and {O'Mullane}, Wil and {Szalay}, Alex and {Wherry}, Nicholas},
        title = "{Preparing Red-Green-Blue Images from CCD Data}",
      journal = {\pasp},
     keywords = {Techniques: Image Processing, Techniques: Photometric, Astrophysics},
         year = 2004,
        month = feb,
       volume = {116},
       number = {816},
        pages = {133-137},
          doi = {10.1086/382245},
archivePrefix = {arXiv},
       eprint = {astro-ph/0312483},
 primaryClass = {astro-ph},
       adsurl = {https://ui.adsabs.harvard.edu/abs/2004PASP..116..133L},
      adsnote = {Provided by the SAO/NASA Astrophysics Data System}
}

@MISC{2012ivoa.rept.1015R,
       author = {{Rodrigo}, Carlos and {Solano}, Enrique and {Bayo}, Amelia},
        title = "{SVO Filter Profile Service Version 1.0}",
 howpublished = {IVOA Working Draft 15 October 2012},
         year = 2012,
        month = oct,
        pages = {1015},
          doi = {10.5479/ADS/bib/2012ivoa.rept.1015R},
       adsurl = {https://ui.adsabs.harvard.edu/abs/2012ivoa.rept.1015R},
      adsnote = {Provided by the SAO/NASA Astrophysics Data System}
}

@INPROCEEDINGS{2020sea..confE.182R,
       author = {{Rodrigo}, C. and {Solano}, E.},
        title = "{The SVO Filter Profile Service}",
    booktitle = {XIV.0 Scientific Meeting (virtual) of the Spanish Astronomical Society},
         year = 2020,
        month = jul,
          eid = {182},
        pages = {182},
       adsurl = {https://ui.adsabs.harvard.edu/abs/2020sea..confE.182R},
      adsnote = {Provided by the SAO/NASA Astrophysics Data System}
}

@ARTICLE{2003PASP..115..763C,
       author = {{Chabrier}, Gilles},
        title = "{Galactic Stellar and Substellar Initial Mass Function}",
      journal = {\pasp},
     keywords = {Galaxies: Luminosity Function, Mass Function, Invited Reviews, Astrophysics},
         year = 2003,
        month = jul,
       volume = {115},
       number = {809},
        pages = {763-795},
          doi = {10.1086/376392},
archivePrefix = {arXiv},
       eprint = {astro-ph/0304382},
 primaryClass = {astro-ph},
       adsurl = {https://ui.adsabs.harvard.edu/abs/2003PASP..115..763C},
      adsnote = {Provided by the SAO/NASA Astrophysics Data System}
}

@ARTICLE{2003MNRAS.344.1000B,
       author = {{Bruzual}, G. and {Charlot}, S.},
        title = "{Stellar population synthesis at the resolution of 2003}",
      journal = {\mnras},
     keywords = {stars: evolution, galaxies: evolution, galaxies: formation, galaxies: stellar content, Astrophysics},
         year = 2003,
        month = oct,
       volume = {344},
       number = {4},
        pages = {1000-1028},
          doi = {10.1046/j.1365-8711.2003.06897.x},
archivePrefix = {arXiv},
       eprint = {astro-ph/0309134},
 primaryClass = {astro-ph},
       adsurl = {https://ui.adsabs.harvard.edu/abs/2003MNRAS.344.1000B},
      adsnote = {Provided by the SAO/NASA Astrophysics Data System}
}

@ARTICLE{2017AA...602A..46J,
       author = {{Jones}, A.~P. and {K{\"o}hler}, M. and {Ysard}, N. and {Bocchio}, M. and {Verstraete}, L.},
        title = "{The global dust modelling framework THEMIS}",
      journal = {\aap},
     keywords = {dust, extinction, ISM: general, Astrophysics - Astrophysics of Galaxies},
         year = 2017,
        month = jun,
       volume = {602},
          eid = {A46},
        pages = {A46},
          doi = {10.1051/0004-6361/201630225},
archivePrefix = {arXiv},
       eprint = {1703.00775},
 primaryClass = {astro-ph.GA},
       adsurl = {https://ui.adsabs.harvard.edu/abs/2017A&A...602A..46J},
      adsnote = {Provided by the SAO/NASA Astrophysics Data System}
}

@ARTICLE{2022arXiv220606207G,
       author = {{Gaia Collaboration} and {Drimmel}, R. and {Romero-Gomez}, M. and {Chemin}, L. and {Ramos}, P. and {Poggio}, E. and {Ripepi}, V. and {Andrae}, R. and {Blomme}, R. and {Cantat-Gaudin}, T. and {Castro-Ginard}, A. and {Clementini}, G. and {Figueras}, F. and {Fouesneau}, M. and {Fremat}, Y. and {Jardine}, K. and {Khanna}, S. and {Lobel}, A. and {Marshall}, D.~J. and {Muraveva}, T.},
        title = "{Gaia Data Release 3: Mapping the asymmetric disc of the Milky Way}",
      journal = {arXiv e-prints},
     keywords = {Astrophysics - Astrophysics of Galaxies},
         year = 2022,
        month = jun,
          eid = {arXiv:2206.06207},
        pages = {arXiv:2206.06207},
archivePrefix = {arXiv},
       eprint = {2206.06207},
 primaryClass = {astro-ph.GA},
       adsurl = {https://ui.adsabs.harvard.edu/abs/2022arXiv220606207G},
      adsnote = {Provided by the SAO/NASA Astrophysics Data System}
}

@ARTICLE{2015MNRAS.450.4050W,
       author = {{Wegg}, Christopher and {Gerhard}, Ortwin and {Portail}, Matthieu},
        title = "{The structure of the Milky Way's bar outside the bulge}",
      journal = {\mnras},
     keywords = {Galaxy: bulge, Galaxy: centre, Galaxy: structure, Astrophysics - Astrophysics of Galaxies},
         year = 2015,
        month = jul,
       volume = {450},
       number = {4},
        pages = {4050-4069},
          doi = {10.1093/mnras/stv745},
archivePrefix = {arXiv},
       eprint = {1504.01401},
 primaryClass = {astro-ph.GA},
       adsurl = {https://ui.adsabs.harvard.edu/abs/2015MNRAS.450.4050W},
      adsnote = {Provided by the SAO/NASA Astrophysics Data System}
}








