@ARTICLE{1972MNRAS.157....1L,
       author = {{Lynden-Bell}, D. and {Kalnajs}, A.~J.},
        title = "{On the generating mechanism of spiral structure}",
      journal = {\mnras},
         year = 1972,
        month = jan,
       volume = {157},
        pages = {1},
          doi = {10.1093/mnras/157.1.1},
       adsurl = {https://ui.adsabs.harvard.edu/abs/1972MNRAS.157....1L},
      adsnote = {Provided by the SAO/NASA Astrophysics Data System}
}

@ARTICLE{1984MNRAS.209..729T,
       author = {{Tremaine}, S. and {Weinberg}, M.~D.},
        title = "{Dynamical friction in spherical systems.}",
      journal = {\mnras},
     keywords = {Celestial Mechanics, Chandrasekhar Equation, Friction Drag, Galactic Evolution, Gravitational Effects, Star Clusters, Stellar Systems, Angular Velocity, Astronomical Models, Capture Effect, Orbit Decay, Resonance, Spheres, Stellar Motions, Astronomy},
         year = 1984,
        month = aug,
       volume = {209},
        pages = {729-757},
          doi = {10.1093/mnras/209.4.729},
       adsurl = {https://ui.adsabs.harvard.edu/abs/1984MNRAS.209..729T},
      adsnote = {Provided by the SAO/NASA Astrophysics Data System}
}

@ARTICLE{1985MNRAS.213..451W,
       author = {{Weinberg}, M.~D.},
        title = "{Evolution of barred galaxies by dynamical friction.}",
      journal = {\mnras},
     keywords = {Barred Galaxies, Computational Astrophysics, Disk Galaxies, Galactic Evolution, Halos, Angular Momentum, Computerized Simulation, Differential Equations, Hamiltonian Functions, Integral Equations, Torque, Astrophysics},
         year = 1985,
        month = mar,
       volume = {213},
        pages = {451-471},
          doi = {10.1093/mnras/213.3.451},
       adsurl = {https://ui.adsabs.harvard.edu/abs/1985MNRAS.213..451W},
      adsnote = {Provided by the SAO/NASA Astrophysics Data System}
}

@ARTICLE{2003MNRAS.341.1179A,
       author = {{Athanassoula}, E.},
        title = "{What determines the strength and the slowdown rate of bars?}",
      journal = {\mnras},
     keywords = {methods: numerical, galaxies: kinematics and dynamics, galaxies: evolution, galaxies: structure, Astrophysics},
         year = 2003,
        month = jun,
       volume = {341},
       number = {4},
        pages = {1179-1198},
          doi = {10.1046/j.1365-8711.2003.06473.x},
archivePrefix = {arXiv},
       eprint = {astro-ph/0302519},
 primaryClass = {astro-ph},
       adsurl = {https://ui.adsabs.harvard.edu/abs/2003MNRAS.341.1179A},
      adsnote = {Provided by the SAO/NASA Astrophysics Data System}
}

@ARTICLE{2000ApJ...543..704D,
       author = {{Debattista}, Victor P. and {Sellwood}, J.~A.},
        title = "{Constraints from Dynamical Friction on the Dark Matter Content of Barred Galaxies}",
      journal = {\apj},
     keywords = {Galaxies: Evolution, Galaxies: Halos, Galaxies: Kinematics and Dynamics, Galaxy: Halo, Galaxy: Structure, Astrophysics},
         year = 2000,
        month = nov,
       volume = {543},
       number = {2},
        pages = {704-721},
          doi = {10.1086/317148},
archivePrefix = {arXiv},
       eprint = {astro-ph/0006275},
 primaryClass = {astro-ph},
       adsurl = {https://ui.adsabs.harvard.edu/abs/2000ApJ...543..704D},
      adsnote = {Provided by the SAO/NASA Astrophysics Data System}
}

@ARTICLE{2002ApJ...569L..83A,
       author = {{Athanassoula}, E.},
        title = "{Bar-Halo Interaction and Bar Growth}",
      journal = {\apjl},
     keywords = {Galaxies: Evolution, Galaxies: Halos, Galaxies: Kinematics and Dynamics, Astrophysics},
         year = 2002,
        month = apr,
       volume = {569},
       number = {2},
        pages = {L83-L86},
          doi = {10.1086/340784},
archivePrefix = {arXiv},
       eprint = {astro-ph/0203368},
 primaryClass = {astro-ph},
       adsurl = {https://ui.adsabs.harvard.edu/abs/2002ApJ...569L..83A},
      adsnote = {Provided by the SAO/NASA Astrophysics Data System}
}

@ARTICLE{2002MNRAS.330...35A,
       author = {{Athanassoula}, E. and {Misiriotis}, A.},
        title = "{Morphology, photometry and kinematics of N -body bars - I. Three models with different halo central concentrations}",
      journal = {\mnras},
     keywords = {METHODS: NUMERICAL, GALAXIES: KINEMATICS AND DYNAMICS, GALAXIES: PHOTOMETRY, GALAXIES: STRUCTURE, Astrophysics},
         year = 2002,
        month = feb,
       volume = {330},
       number = {1},
        pages = {35-52},
          doi = {10.1046/j.1365-8711.2002.05028.x},
archivePrefix = {arXiv},
       eprint = {astro-ph/0111449},
 primaryClass = {astro-ph},
       adsurl = {https://ui.adsabs.harvard.edu/abs/2002MNRAS.330...35A},
      adsnote = {Provided by the SAO/NASA Astrophysics Data System}
}

@ARTICLE{2003MNRAS.346..251O,
       author = {{O'Neill}, J.~K. and {Dubinski}, John},
        title = "{Detailed comparison of the structures and kinematics of simulated and observed barred galaxies}",
      journal = {\mnras},
     keywords = {galaxies: evolution, galaxies: haloes, galaxies: kinematics and dynamics, Astrophysics},
         year = 2003,
        month = nov,
       volume = {346},
       number = {1},
        pages = {251-264},
          doi = {10.1046/j.1365-2966.2003.07085.x},
archivePrefix = {arXiv},
       eprint = {astro-ph/0305169},
 primaryClass = {astro-ph},
       adsurl = {https://ui.adsabs.harvard.edu/abs/2003MNRAS.346..251O},
      adsnote = {Provided by the SAO/NASA Astrophysics Data System}
}

@ARTICLE{2005MNRAS.363..991H,
       author = {{Holley-Bockelmann}, K. and {Weinberg}, M. and {Katz}, N.},
        title = "{Bar-induced evolution of dark matter cusps}",
      journal = {\mnras},
     keywords = {methods: N-body simulations, galaxies: kinematics and dynamics, galaxies: spiral, galaxies: structure, Astrophysics},
         year = 2005,
        month = nov,
       volume = {363},
       number = {3},
        pages = {991-1007},
          doi = {10.1111/j.1365-2966.2005.09501.x},
archivePrefix = {arXiv},
       eprint = {astro-ph/0306374},
 primaryClass = {astro-ph},
       adsurl = {https://ui.adsabs.harvard.edu/abs/2005MNRAS.363..991H},
      adsnote = {Provided by the SAO/NASA Astrophysics Data System}
}

@ARTICLE{2006ApJ...637..214M,
       author = {{Martinez-Valpuesta}, Inma and {Shlosman}, Isaac and {Heller}, Clayton},
        title = "{Evolution of Stellar Bars in Live Axisymmetric Halos: Recurrent Buckling and Secular Growth}",
      journal = {\apj},
     keywords = {Galaxies: Bulges, Galaxies: Evolution, Galaxies: Formation, Galaxies: Halos, Galaxies: Kinematics and Dynamics, Galaxies: Spiral, Stellar Dynamics, Astrophysics},
         year = 2006,
        month = jan,
       volume = {637},
       number = {1},
        pages = {214-226},
          doi = {10.1086/498338},
archivePrefix = {arXiv},
       eprint = {astro-ph/0507219},
 primaryClass = {astro-ph},
       adsurl = {https://ui.adsabs.harvard.edu/abs/2006ApJ...637..214M},
      adsnote = {Provided by the SAO/NASA Astrophysics Data System}
}

@ARTICLE{2009ApJ...697..293D,
       author = {{Dubinski}, John and {Berentzen}, Ingo and {Shlosman}, Isaac},
        title = "{Anatomy of the Bar Instability in Cuspy Dark Matter Halos}",
      journal = {\apj},
     keywords = {dark matter, galaxies: evolution, galaxies: kinematics and dynamics, galaxies: structure, methods: N-body simulations, Astrophysics},
         year = 2009,
        month = may,
       volume = {697},
       number = {1},
        pages = {293-310},
          doi = {10.1088/0004-637X/697/1/293},
archivePrefix = {arXiv},
       eprint = {0810.4925},
 primaryClass = {astro-ph},
       adsurl = {https://ui.adsabs.harvard.edu/abs/2009ApJ...697..293D},
      adsnote = {Provided by the SAO/NASA Astrophysics Data System}
}


@ARTICLE{2007MNRAS.375..460W,
       author = {{Weinberg}, Martin D. and {Katz}, Neal},
        title = "{The bar-halo interaction - II. Secular evolution and the religion of N-body simulations}",
      journal = {\mnras},
     keywords = {stellar dynamics, Galaxy: kinematics and dynamics, galaxies: formation, cosmology: observations, cosmology: theory, dark matter, Astrophysics},
         year = 2007,
        month = feb,
       volume = {375},
       number = {2},
        pages = {460-476},
          doi = {10.1111/j.1365-2966.2006.11307.x},
archivePrefix = {arXiv},
       eprint = {astro-ph/0601138},
 primaryClass = {astro-ph},
       adsurl = {https://ui.adsabs.harvard.edu/abs/2007MNRAS.375..460W},
      adsnote = {Provided by the SAO/NASA Astrophysics Data System}
}

@ARTICLE{2011MSAIS..18...23C,
       author = {{Corsini}, E.~M.},
        title = "{Direct measurements of bar pattern speeds.}",
      journal = {Memorie della Societa Astronomica Italiana Supplementi},
     keywords = {galaxies: elliptical and lenticular, cD, galaxies: evolution, galaxies: kinematics and dynamics, galaxies: spiral, galaxies: structure, Astrophysics - Galaxy Astrophysics, Astrophysics - Cosmology and Extragalactic Astrophysics},
         year = 2011,
        month = jan,
       volume = {18},
        pages = {23},
archivePrefix = {arXiv},
       eprint = {1002.1245},
 primaryClass = {astro-ph.GA},
       adsurl = {https://ui.adsabs.harvard.edu/abs/2011MSAIS..18...23C},
      adsnote = {Provided by the SAO/NASA Astrophysics Data System}
}

@ARTICLE{2015AA...576A.102A,
       author = {{Aguerri}, J.~A.~L. and {M{\'e}ndez-Abreu}, J. and {Falc{\'o}n-Barroso}, J. and {Amorin}, A. and {Barrera-Ballesteros}, J. and {Cid Fernandes}, R. and {Garc{\'\i}a-Benito}, R. and {Garc{\'\i}a-Lorenzo}, B. and {Gonz{\'a}lez Delgado}, R.~M. and {Husemann}, B. and {Kalinova}, V. and {Lyubenova}, M. and {Marino}, R.~A. and {M{\'a}rquez}, I. and {Mast}, D. and {P{\'e}rez}, E. and {S{\'a}nchez}, S.~F. and {van de Ven}, G. and {Walcher}, C.~J. and {Backsmann}, N. and {Cortijo-Ferrero}, C. and {Bland-Hawthorn}, J. and {del Olmo}, A. and {Iglesias-P{\'a}ramo}, J. and {P{\'e}rez}, I. and {S{\'a}nchez-Bl{\'a}zquez}, P. and {Wisotzki}, L. and {Ziegler}, B.},
        title = "{Bar pattern speeds in CALIFA galaxies. I. Fast bars across the Hubble sequence}",
      journal = {\aap},
     keywords = {galaxies: kinematics and dynamics, galaxies: structure, galaxies:, photometry, galaxies: evolution, galaxies: formation, Astrophysics - Astrophysics of Galaxies},
         year = 2015,
        month = apr,
       volume = {576},
          eid = {A102},
        pages = {A102},
          doi = {10.1051/0004-6361/201423383},
archivePrefix = {arXiv},
       eprint = {1501.05498},
 primaryClass = {astro-ph.GA},
       adsurl = {https://ui.adsabs.harvard.edu/abs/2015A&A...576A.102A},
      adsnote = {Provided by the SAO/NASA Astrophysics Data System}
}

@ARTICLE{2019MNRAS.482.1733G,
       author = {{Guo}, Rui and {Mao}, Shude and {Athanassoula}, E. and {Li}, Hongyu and {Ge}, Junqiang and {Long}, R.~J. and {Merrifield}, Michael and {Masters}, Karen},
        title = "{SDSS-IV MaNGA: pattern speeds of barred galaxies}",
      journal = {\mnras},
     keywords = {galaxies: evolution, galaxies: kinematics and dynamics, galaxies: structure, Astrophysics - Astrophysics of Galaxies},
         year = 2019,
        month = jan,
       volume = {482},
       number = {2},
        pages = {1733-1756},
          doi = {10.1093/mnras/sty2715},
archivePrefix = {arXiv},
       eprint = {1810.03257},
 primaryClass = {astro-ph.GA},
       adsurl = {https://ui.adsabs.harvard.edu/abs/2019MNRAS.482.1733G},
      adsnote = {Provided by the SAO/NASA Astrophysics Data System}
}

@ARTICLE{2011MNRAS.415.1027H,
       author = {{Hopkins}, Philip F. and {Quataert}, Eliot},
        title = "{An analytic model of angular momentum transport by gravitational torques: from galaxies to massive black holes}",
      journal = {\mnras},
     keywords = {galaxies: active, galaxies: evolution, quasars: general, cosmology: theory, Astrophysics - Cosmology and Extragalactic Astrophysics, Astrophysics - Galaxy Astrophysics, Astrophysics - High Energy Astrophysical Phenomena},
         year = 2011,
        month = aug,
       volume = {415},
       number = {2},
        pages = {1027-1050},
          doi = {10.1111/j.1365-2966.2011.18542.x},
archivePrefix = {arXiv},
       eprint = {1007.2647},
 primaryClass = {astro-ph.CO},
       adsurl = {https://ui.adsabs.harvard.edu/abs/2011MNRAS.415.1027H},
      adsnote = {Provided by the SAO/NASA Astrophysics Data System}
}

@ARTICLE{2021MNRAS.500.4710C,
       author = {{Chiba}, Rimpei and {Friske}, Jennifer K.~S. and {Sch{\"o}nrich}, Ralph},
        title = "{Resonance sweeping by a decelerating Galactic bar}",
      journal = {\mnras},
     keywords = {methods: numerical, Galaxy: evolution, Galaxy: kinematics and dynamics, Astrophysics - Astrophysics of Galaxies},
         year = 2021,
        month = jan,
       volume = {500},
       number = {4},
        pages = {4710-4729},
          doi = {10.1093/mnras/staa3585},
archivePrefix = {arXiv},
       eprint = {1912.04304},
 primaryClass = {astro-ph.GA},
       adsurl = {https://ui.adsabs.harvard.edu/abs/2021MNRAS.500.4710C},
      adsnote = {Provided by the SAO/NASA Astrophysics Data System}
}

@ARTICLE{2021MNRAS.505.2412C,
       author = {{Chiba}, Rimpei and {Sch{\"o}nrich}, Ralph},
        title = "{Tree-ring structure of Galactic bar resonance}",
      journal = {\mnras},
     keywords = {Galaxy: fundamental parameters, Galaxy: evolution, Galaxy: kinematics and dynamics, Astrophysics - Astrophysics of Galaxies},
         year = 2021,
        month = aug,
       volume = {505},
       number = {2},
        pages = {2412-2426},
          doi = {10.1093/mnras/stab1094},
archivePrefix = {arXiv},
       eprint = {2102.08388},
 primaryClass = {astro-ph.GA},
       adsurl = {https://ui.adsabs.harvard.edu/abs/2021MNRAS.505.2412C},
      adsnote = {Provided by the SAO/NASA Astrophysics Data System}
}

@ARTICLE{2000AJ....119..536E,
       author = {{Eskridge}, Paul B. and {Frogel}, Jay A. and {Pogge}, Richard W. and {Quillen}, Alice C. and {Davies}, Roger L. and {DePoy}, D.~L. and {Houdashelt}, Mark L. and {Kuchinski}, Leslie E. and {Ram{\'\i}rez}, Solange V. and {Sellgren}, K. and {Terndrup}, Donald M. and {Tiede}, Glenn P.},
        title = "{The Frequency of Barred Spiral Galaxies in the Near-Infrared}",
      journal = {\aj},
     keywords = {GALAXIES: FUNDAMENTAL PARAMETERS, GALAXIES: SPIRAL, GALAXIES: STATISTICS, GALAXIES: STRUCTURE, Astrophysics},
         year = 2000,
        month = feb,
       volume = {119},
       number = {2},
        pages = {536-544},
          doi = {10.1086/301203},
archivePrefix = {arXiv},
       eprint = {astro-ph/9910479},
 primaryClass = {astro-ph},
       adsurl = {https://ui.adsabs.harvard.edu/abs/2000AJ....119..536E},
      adsnote = {Provided by the SAO/NASA Astrophysics Data System}
}

@ARTICLE{2007ApJ...657..790M,
       author = {{Men{\'e}ndez-Delmestre}, Kar{\'\i}n and {Sheth}, Kartik and {Schinnerer}, Eva and {Jarrett}, Thomas H. and {Scoville}, Nick Z.},
        title = "{A Near-Infrared Study of 2MASS Bars in Local Galaxies: An Anchor for High-Redshift Studies}",
      journal = {\apj},
     keywords = {Galaxies: Spiral, Galaxies: Structure, Infrared: Galaxies, Methods: Data Analysis, Techniques: Photometric, Astrophysics},
         year = 2007,
        month = mar,
       volume = {657},
       number = {2},
        pages = {790-804},
          doi = {10.1086/511025},
archivePrefix = {arXiv},
       eprint = {astro-ph/0611540},
 primaryClass = {astro-ph},
       adsurl = {https://ui.adsabs.harvard.edu/abs/2007ApJ...657..790M},
      adsnote = {Provided by the SAO/NASA Astrophysics Data System}
}

@ARTICLE{2019MNRAS.490.4740B,
       author = {{Bovy}, Jo and {Leung}, Henry W. and {Hunt}, Jason A.~S. and {Mackereth}, J. Ted and {Garc{\'\i}a-Hern{\'a}ndez}, Domingo A. and {Roman-Lopes}, Alexandre},
        title = "{Life in the fast lane: a direct view of the dynamics, formation, and evolution of the Milky Way's bar}",
      journal = {\mnras},
     keywords = {Galaxy: abundances, Galaxy: bulge, Galaxy: evolution, Galaxy: fundamental parameters, Galaxy: kinematics and dynamics, Galaxy: structure, Astrophysics - Astrophysics of Galaxies, Astrophysics - Cosmology and Nongalactic Astrophysics},
         year = 2019,
        month = dec,
       volume = {490},
       number = {4},
        pages = {4740-4747},
          doi = {10.1093/mnras/stz2891},
archivePrefix = {arXiv},
       eprint = {1905.11404},
 primaryClass = {astro-ph.GA},
       adsurl = {https://ui.adsabs.harvard.edu/abs/2019MNRAS.490.4740B},
      adsnote = {Provided by the SAO/NASA Astrophysics Data System}
}

@ARTICLE{2012MNRAS.420..913B,
       author = {{Bird}, Jonathan C. and {Kazantzidis}, Stelios and {Weinberg}, David H.},
        title = "{Radial mixing in galactic discs: the effects of disc structure and satellite bombardment}",
      journal = {\mnras},
     keywords = {methods: numerical, stars: kinematics and dynamics, Galaxy: disc, Galaxy: kinematics and dynamics, galaxies: evolution, galaxies: formation, Astrophysics - Astrophysics of Galaxies},
         year = 2012,
        month = feb,
       volume = {420},
       number = {2},
        pages = {913-925},
          doi = {10.1111/j.1365-2966.2011.19728.x},
archivePrefix = {arXiv},
       eprint = {1104.0933},
 primaryClass = {astro-ph.GA},
       adsurl = {https://ui.adsabs.harvard.edu/abs/2012MNRAS.420..913B},
      adsnote = {Provided by the SAO/NASA Astrophysics Data System}
}

@ARTICLE{2015ApJ...808..132H,
       author = {{Hayden}, Michael R. and {Bovy}, Jo and {Holtzman}, Jon A. and {Nidever}, David L. and {Bird}, Jonathan C. and {Weinberg}, David H. and {Andrews}, Brett H. and {Majewski}, Steven R. and {Allende Prieto}, Carlos and {Anders}, Friedrich and {Beers}, Timothy C. and {Bizyaev}, Dmitry and {Chiappini}, Cristina and {Cunha}, Katia and {Frinchaboy}, Peter and {Garc{\'\i}a-Her{\'n}andez}, D.~A. and {Garc{\'\i}a P{\'e}rez}, Ana E. and {Girardi}, L{\'e}o and {Harding}, Paul and {Hearty}, Fred R. and {Johnson}, Jennifer A. and {M{\'e}sz{\'a}ros}, Szabolcs and {Minchev}, Ivan and {O'Connell}, Robert and {Pan}, Kaike and {Robin}, Annie C. and {Schiavon}, Ricardo P. and {Schneider}, Donald P. and {Schultheis}, Mathias and {Shetrone}, Matthew and {Skrutskie}, Michael and {Steinmetz}, Matthias and {Smith}, Verne and {Wilson}, John C. and {Zamora}, Olga and {Zasowski}, Gail},
        title = "{Chemical Cartography with APOGEE: Metallicity Distribution Functions and the Chemical Structure of the Milky Way Disk}",
      journal = {\apj},
     keywords = {Galaxy: abundances, Galaxy: disk, Galaxy: evolution, Galaxy: stellar content, Galaxy: structure, Astrophysics - Astrophysics of Galaxies},
         year = 2015,
        month = aug,
       volume = {808},
       number = {2},
          eid = {132},
        pages = {132},
          doi = {10.1088/0004-637X/808/2/132},
archivePrefix = {arXiv},
       eprint = {1503.02110},
 primaryClass = {astro-ph.GA},
       adsurl = {https://ui.adsabs.harvard.edu/abs/2015ApJ...808..132H},
      adsnote = {Provided by the SAO/NASA Astrophysics Data System}
}



@ARTICLE{1992ApJ...400...80H,
       author = {{Hernquist}, Lars and {Weinberg}, Martin D.},
        title = "{Bar-Spheroid Interaction in Galaxies}",
      journal = {\apj},
     keywords = {Barred Galaxies, Disk Galaxies, Galactic Evolution, Galactic Structure, Interacting Galaxies, Spheroids, Angular Momentum, Dynamics, Kinematics, Many Body Problem, Astrophysics, GALAXIES: KINEMATICS AND DYNAMICS, METHODS: NUMERICAL},
         year = 1992,
        month = nov,
       volume = {400},
        pages = {80},
          doi = {10.1086/171975},
       adsurl = {https://ui.adsabs.harvard.edu/abs/1992ApJ...400...80H},
      adsnote = {Provided by the SAO/NASA Astrophysics Data System}
}



