@ARTICLE{1984ApJ...276..114J,
   author = {{Jog}, C.~J. and {Solomon}, P.~M.},
    title = "{Two-fluid gravitational instabilities in a galactic disk}",
  journal = {\apj},
 keywords = {Disk Galaxies, Gravitational Collapse, Interstellar Gas, Milky Way Galaxy, Molecular Clouds, Stellar Gravitation, Two Fluid Models, Astronomical Models, Galactic Structure, Hydrodynamic Equations, Radial Velocity, Systems Stability},
     year = 1984,
    month = jan,
   volume = 276,
    pages = {114-126},
      doi = {10.1086/161597},
   adsurl = {https://ui.adsabs.harvard.edu/abs/1984ApJ...276..114J},
  adsnote = {Provided by the SAO/NASA Astrophysics Data System}
}

@ARTICLE{2010MNRAS.401..791S,
       author = {{Springel}, Volker},
        title = "{E pur si muove: Galilean-invariant cosmological hydrodynamical simulations on a moving mesh}",
      journal = {\mnras},
     keywords = {methods: numerical, galaxies: interactions, cosmology: dark matter, Astrophysics - Cosmology and Nongalactic Astrophysics},
         year = "2010",
        month = "Jan",
       volume = {401},
       number = {2},
        pages = {791-851},
          doi = {10.1111/j.1365-2966.2009.15715.x},
archivePrefix = {arXiv},
       eprint = {0901.4107},
 primaryClass = {astro-ph.CO},
       adsurl = {https://ui.adsabs.harvard.edu/abs/2010MNRAS.401..791S},
      adsnote = {Provided by the SAO/NASA Astrophysics Data System}
}

@ARTICLE{2016MNRAS.455.1134P,
       author = {{Pakmor}, R{\"u}diger and {Springel}, Volker and {Bauer}, Andreas and
         {Mocz}, Philip and {Munoz}, Diego J. and {Ohlmann}, Sebastian T. and
         {Schaal}, Kevin and {Zhu}, Chenchong},
        title = "{Improving the convergence properties of the moving-mesh code AREPO}",
      journal = {\mnras},
     keywords = {hydrodynamics, methods: numerical, galaxy: formation, Astrophysics - Astrophysics of Galaxies, Astrophysics - Cosmology and Nongalactic Astrophysics, Astrophysics - Instrumentation and Methods for Astrophysics},
         year = "2016",
        month = "Jan",
       volume = {455},
       number = {1},
        pages = {1134-1143},
          doi = {10.1093/mnras/stv2380},
archivePrefix = {arXiv},
       eprint = {1503.00562},
 primaryClass = {astro-ph.GA},
       adsurl = {https://ui.adsabs.harvard.edu/abs/2016MNRAS.455.1134P},
      adsnote = {Provided by the SAO/NASA Astrophysics Data System}
}

@ARTICLE{1986Natur.324..446B,
       author = {{Barnes}, Josh and {Hut}, Piet},
        title = "{A hierarchical O(N log N) force-calculation algorithm}",
      journal = {\nat},
     keywords = {Computational Astrophysics, Many Body Problem, Numerical Integration, Stellar Motions, Algorithms, Hierarchies, Physics (General)},
         year = "1986",
        month = "Dec",
       volume = {324},
       number = {6096},
        pages = {446-449},
          doi = {10.1038/324446a0},
       adsurl = {https://ui.adsabs.harvard.edu/abs/1986Natur.324..446B},
      adsnote = {Provided by the SAO/NASA Astrophysics Data System}
}

@ARTICLE{2019arXiv190904667W,
       author = {{Weinberger}, Rainer and {Springel}, Volker and {Pakmor}, R{\"u}diger},
        title = "{The Arepo public code release}",
      journal = {arXiv e-prints},
     keywords = {Astrophysics - Instrumentation and Methods for Astrophysics, Astrophysics - Cosmology and Nongalactic Astrophysics, Astrophysics - Astrophysics of Galaxies, Physics - Computational Physics},
         year = "2019",
        month = "Sep",
          eid = {arXiv:1909.04667},
        pages = {arXiv:1909.04667},
archivePrefix = {arXiv},
       eprint = {1909.04667},
 primaryClass = {astro-ph.IM},
       adsurl = {https://ui.adsabs.harvard.edu/abs/2019arXiv190904667W},
      adsnote = {Provided by the SAO/NASA Astrophysics Data System}
}

